
@article{Rami2018,
  author={Rami Al{-}Rfou and
               Dokook Choe and
               Noah Constant and
               Mandy Guo and
               Llion Jones},
  title={Character-Level Language Modeling with Deeper Self-Attention},
  year= {2018},
  journal={CoRR},
  volume={abs/1808.04444},
  url={arXiv preprint arXiv:1808.04444},
  }


@article{Rie2005,
 author={Rie Kubota Ando and 
 	      Tong Zhang},
 title={A framework for learning predictive structures from multiple tasks and unlabeled data},
 year={2005},
 journal={Journal of Machine Learning Research},
 volume={6}, 
 url={http://www.jmlr.org/papers/volume6/ando05a/ando05a.pdf}
 }

 
 @article{Luisa2009,
  author={Luisa Bentivogli and
    	       Bernardo Magnini and 
	       do Dagan and 
	       Hoa Trang Dang and 
	       Danilo Giampiccolo},
 title={The fifth PASCAL recognizing textual entailment challenge},
 year={2009},
 journal={CoRR},
 }


@article{John2006,
author={John Blitzer and
	      Ryan McDonald and 
	      Fernando Pereira},
title={Domain adaptation with structural correspon- dence learning},
year={2006},
journal={CoRR},
}


@article{Samuel2015,
author={Samuel R. Bowman and
	     Gabor Angeli and
	     Christopher Potts and 
	     Christopher D. Manning},
title={A large annotated corpus for learning natural language inference},
year={2015},
journal={CoRR},
}


@article{Peter1992,
author={Peter F Brown and
              Peter V Desouza and
              Robert L Mercer and 
              Vincent J Della Pietra and 
              Jenifer C Lai},
title={Class-based n-gram models of natural language},
year={1992},
journal={CoRR},
}


@article{Daniel2017,
author={Daniel Cer and
 	     Mona Diab and
	     Eneko Agirre and
	     Inigo Lopez- Gazpio and
	     Lucia Specia},
title={Semeval-2017 task 1: Semantic textual similarity-multilingual and cross-lingual focused evaluation},
year={2017},
journal={CoRR},
}



@article{Ciprian2013,
author={Ciprian Chelba and
	     Tomas Mikolov and
	     Mike Schuster and
	     Qi Ge, Thorsten Brants and
	     Phillipp Koehn and 
	     Tony Robin- son},
title={One billion word benchmark for measuring progress in statistical language modeling},
year={2013},
journal={CoRR},
}


@article{Chen2018,
author={Z. Chen and
	     H. Zhang and
	     X. Zhang and 
	     L. Zhao},
title={Quora question pairs},
year={2018},
journal={CoRR},
}


@article{Kevin2018,
author={Kevin Clark and
	     Minh-Thang Luong and
	     Christopher D Manning and 
	     Quoc V Le},
title={Semi-supervised sequence modeling with cross-view training},
year={2018},
journal={CoRR},
}


@article{Ronan2008,
author={Ronan Collobert and 
	    Jason Weston},
title={A unified architecture for natural language processing: Deep neural networks with multitask learning},
year={2008},
journal={CoRR},
}


@article{Alexis2017,
author={Alexis Conneau and
	     Douwe Kiela and
	     Holger Schwenk and
	     Lo ̈ıc Barrault and 
	     Antoine Bordes},
title={Supervised learning of universal sentence representations from natural language inference data},
year={2017},
journal={CoRR},
}


@article{Andrew2015,
author={Andrew M Dai and 
	     Quoc V Le},
title={Semi-supervised sequence learning},
year={2015},
journal={CoRR},
}


@article{Deng2009,
author={J. Deng and
	     W. Dong and
	     R. Socher and
	     L.-J. Li, K. Li and
	     L. Fei- Fei},
title={ImageNet: A Large-Scale Hierarchical Image Database},
year={2009},
journal={CVPR09},
}


@article{William2005,
author={William B Dolan and 
	     Chris Brockett},
title={Automati- cally constructing a corpus of sentential paraphrases},
year={2005},
journal={CoRR},
}


@article{Dan2016,
author={Dan Hendrycks and
	     Kevin Gimpel},
title={Bridging nonlinearities and stochastic regularizers with gaussian error linear units},
year={2016},
journal={CoRR},
volume={abs/1606.08415},
}


@article{Jeremy2018,
author={Jeremy Howard and 
	     Sebastian Ruder},
title={Universal language model fine-tuning for text classification},
year={2018},
journal={ACL},
}


@article{Mandar2017,
author={Mandar Joshi and
	     Eunsol Choi and
	     Daniel S Weld and 
	     Luke Zettlemoyer},
title={Triviaqa: A large scale distantly supervised challenge dataset for reading comprehen- sion},
year={2017},
journal={ACL},
}


@article{Ryan2015,
author={Ryan Kiros and
	     Yukun Zhu and
	     Ruslan R Salakhutdinov and
	     Richard Zemel and
	     Raquel Urtasun and
	     Antonio Torralba and 
	     Sanja Fidler},
title={Skip-thought vectors},
year={2015},
journal={CoRR},
}


@article{Quoc2014,
author={Quoc Le and 
	     Tomas Mikolov},
title={Distributed representations of sentences and documents},
year={2014},
journal={CoRR},
}


@article{Hector2011,
author={Hector J Levesque and
	     Ernest Davis and 
	     Leora Morgenstern},
title={The winograd schema challenge},
year={2011},
journal={CoRR},
}


@article{Lajanugen2018,
author={Lajanugen Logeswaran and 
	     Honglak Lee},
title={An efficient framework for learning sentence representations},
year={2018},
journal={CoRR},
}


@article{Bryan2017,
author={Bryan McCann and
	     James Bradbury and
	     Caiming Xiong and 
	     Richard Socher},
title={Learned in translation: Con- textualized word vectors.},
year={2017},
journal={NIPS},
}


@article{Tomas2013,
author={Tomas Mikolov and
	     Ilya Sutskever and
	     Kai Chen and
	     Greg S Cor- rado and 
	     Jeff Dea},
title={Distributed representa- tions of words and phrases and their compositional- ity},
year={2013},
journal={CoRR},
}


@article{Jeffrey2014,
author={Jeffrey Pennington and
	     Richard Socher and 
	     Christo- pher D. Manning},
title={Glove: Global vectors for word representation},
year={2014},
journal={CoRR},
}


@article{Matthew2017,	
author={Matthew Peters and
	    Waleed Ammar and
	    Chandra Bhagavatula and 
	    Russell Power},
title={Semi-supervised se- quence tagging with bidirectional language models},
year={2017},
journal={ACL},
}


@article{Matthew2018,
author={Matthew Peters and
              Mark Neumann and
              Mohit Iyyer and
              Matt Gardner and
              Christopher Clark and
              Kenton Lee and 
              Luke Zettlemoye},
title={Deep contextualized word representations},
year={2018},
journal={CoRR},
volume={abs/1802.05365},
}


@article{Alec2018,
author={Alec Radford and
  	     Karthik Narasimhan and
	     Tim Salimans and 
	     Ilya Sutskever},
title={Improving language understanding with unsupervised learning},
year={2018},
journal={CoRR},
}


@article{Pranav2016,
author={Pranav Rajpurkar and 
	     Jian Zhang and
	     Konstantin Lopyrev and 
	     Percy Liang},
title={Squad: 100,000+ questions for machine comprehension of text},
year={2016},
journal={CoRR},
}


@article{Richard2013,
author={Richard Socher and
	     Alex Perelygin and
	     Jean Wu, Jason Chuang and
	     Christopher D Manning and
	     Andrew Ng and 
	     Christopher Potts},
title={Recursive deep models for semantic compositionality over a sentiment tree- bank},
year={2013},
journal={CoRR},
}


@article{Wilson1953,
author={Wilson L Taylor},
title={cloze procedure: A new tool for measuring readability},
year={1953},
journal={CoRR},
}


@article{Erik2003,
author={Erik F Tjong Kim Sang and 
	     Fien De Meulder},
title={Introduction to the conll-2003 shared task: Language-independent named entity recognition},
year={2003},
journal={CoRR},
}


@article{Joseph2010,
author={Joseph Turian and
	     Lev Ratinov and 
	     Yoshua Bengio},
title={Word representations: A simple and general method for semi-supervised learning},
year={2010},
journal={CoRR},
}


@article{Ashish2017,
author={Ashish Vaswani and
	     Noam Shazeer and
	     Niki Parmar and
	     Jakob Uszkoreit and
	     Llion Jones and
	     Aidan N Gomez and
	     Lukasz Kaiser and 
	     Illia Polosukhin},
title={Attention is all you need},
year={2017},
journal={CoRR},
}


@article{Pascal2008,
author={Pascal Vincent and
	     Hugo Larochelle and
	     Yoshua Bengio and 
	     Pierre-Antoine Manzagol},
title={Extracting and composing robust features with denoising autoencoders},
year={2008},
journal={CoRR},
}


@article{Alex2018,
author={Alex Wang and
              Amanpreet Singh and
              Julian Michael and
              Felix Hill and
              Omer Levy and
              Samuel R. Bowman},
title={{GLUE:} {A} Multi-Task Benchmark and Analysis Platform for Natural Language Understanding},
year={2018},
journal={CoRR},
volume={abs/1804.07461},
url={http://arxiv.org/abs/1804.07461},
archivePrefix = {arXiv},
eprint = {1804.07461},
}


@article{Warstadt2018,
author={A. Warstadt and
	     A. Singh and 
	     S. R. Bowman},
title={Cor- pus of linguistic acceptability},
year={2018},
journal={CoRR},
}

@article{Adina2018,
author={Adina Williams and
	     Nikita Nangia and 
	     Samuel R Bowman},
title={A broad-coverage challenge corpus for sentence understanding through inference},
year={2018},
journal={NAACL},
}


@article{Yonghui2016,
author={Yonghui Wu and
	     Mike Schuster and
	     Zhifeng Chen and
	     Quoc V Le, Mohammad Norouzi and
	     Wolfgang Macherey and
	     Maxim Krikun and
	     Yuan Cao and
	     Qin Gao and
	     Klaus Macherey, et al},
title={Google’s neural ma- chine translation system: Bridging the gap between human and machine translation},
year={2016},
journal={CoRR},
}


@article{Jason2014,
author={Jason Yosinski and
	     Jeff Clune and
	     Yoshua Bengio and 
	     Hod Lipson},
title={How transferable are features in deep neuralnetworks?},
year={2014},
journal={CoRR},
}


@article{Rowan2018,
author={Rowan Zellers and
	     Yonatan Bisk and
	     Roy Schwartzz and 
	     Yejin Choi},
title={Swag: A large-scale adversarial dataset for grounded commonsense inference},
year={2018},
journal={CoRR},
}


@article{Yukun2015,
author={Yukun Zhu and
	     Ryan Kiros and
	     Rich Zemel and
	     Ruslan Salakhutdinov and
	     Raquel Urtasun and
	     Antonio Torralba and 
	     Sanja Fidler},
title={Aligning books and movies: Towards story-like visual explanations by watching movies and reading books},
year={2015},
journal={CoRR},
}
