

@article{jon90,
author={Alex Wang and
              Amanpreet Singh and
              Julian Michael and
              Felix Hill and
              Omer Levy and
              Samuel R. Bowman},
title={GLUE: A Multi-Task Benchmark and Analysis Platform for Natural Language Understanding},
year={2018},
journal={CoRR},
volume={abs/1804.07461},
url={http://arxiv.org/abs/1804.07461},
archivePrefix = {arXiv},
eprint    = {1804.07461},
}
