%% This BibTeX bibliography file was created using BibDesk.
%% https://bibdesk.sourceforge.io/

%% Created for Confident Macbook at 2019-06-18 17:03:45 +1000 


%% Saved with string encoding Unicode (UTF-8) 



@inproceedings{weston2011wsabie,
	Author = {Weston, Jason and Bengio, Samy and Usunier, Nicolas},
	Booktitle = {Twenty-Second International Joint Conference on Artificial Intelligence},
	Date-Added = {2019-06-18 17:02:17 +1000},
	Date-Modified = {2019-06-18 17:02:17 +1000},
	Title = {Wsabie: Scaling up to large vocabulary image annotation},
	Year = {2011}}

@article{turney2013distributional,
	Author = {Turney, Peter D},
	Date-Added = {2019-06-18 17:01:37 +1000},
	Date-Modified = {2019-06-18 17:01:37 +1000},
	Journal = {Transactions of the Association for Computational Linguistics},
	Pages = {353--366},
	Publisher = {MIT Press},
	Title = {Distributional semantics beyond words: Supervised learning of analogy and paraphrase},
	Volume = {1},
	Year = {2013}}

@article{turney2010frequency,
	Author = {Turney, Peter D and Pantel, Patrick},
	Date-Added = {2019-06-18 17:01:15 +1000},
	Date-Modified = {2019-06-18 17:01:15 +1000},
	Journal = {Journal of artificial intelligence research},
	Pages = {141--188},
	Title = {From frequency to meaning: Vector space models of semantics},
	Volume = {37},
	Year = {2010}}

@inproceedings{turian2010word,
	Author = {Turian, Joseph and Ratinov, Lev and Bengio, Yoshua},
	Booktitle = {Proceedings of the 48th annual meeting of the association for computational linguistics},
	Date-Added = {2019-06-18 17:00:56 +1000},
	Date-Modified = {2019-06-18 17:00:56 +1000},
	Organization = {Association for Computational Linguistics},
	Pages = {384--394},
	Title = {Word representations: a simple and general method for semi-supervised learning},
	Year = {2010}}

@inproceedings{socher2012semantic,
	Author = {Socher, Richard and Huval, Brody and Manning, Christopher D and Ng, Andrew Y},
	Booktitle = {Proceedings of the 2012 joint conference on empirical methods in natural language processing and computational natural language learning},
	Date-Added = {2019-06-18 17:00:29 +1000},
	Date-Modified = {2019-06-18 17:00:29 +1000},
	Organization = {Association for Computational Linguistics},
	Pages = {1201--1211},
	Title = {Semantic compositionality through recursive matrix-vector spaces},
	Year = {2012}}

@inproceedings{socher2011parsing,
	Author = {Socher, Richard and Lin, Cliff C and Manning, Chris and Ng, Andrew Y},
	Booktitle = {Proceedings of the 28th international conference on machine learning (ICML-11)},
	Date-Added = {2019-06-18 17:00:08 +1000},
	Date-Modified = {2019-06-18 17:00:08 +1000},
	Pages = {129--136},
	Title = {Parsing natural scenes and natural language with recursive neural networks},
	Year = {2011}}

@article{schwenk2007continuous,
	Author = {Schwenk, Holger},
	Date-Added = {2019-06-18 16:59:50 +1000},
	Date-Modified = {2019-06-18 16:59:50 +1000},
	Journal = {Computer Speech \& Language},
	Number = {3},
	Pages = {492--518},
	Publisher = {Elsevier},
	Title = {Continuous space language models},
	Volume = {21},
	Year = {2007}}

@article{rumelhart1988learning,
	Author = {Rumelhart, David E and Hinton, Geoffrey E and Williams, Ronald J and others},
	Date-Added = {2019-06-18 16:59:32 +1000},
	Date-Modified = {2019-06-18 16:59:32 +1000},
	Journal = {Cognitive modeling},
	Number = {3},
	Pages = {1},
	Title = {Learning representations by back-propagating errors},
	Volume = {5},
	Year = {1988}}

@inproceedings{morin2005hierarchical,
	Author = {Morin, Frederic and Bengio, Yoshua},
	Booktitle = {Aistats},
	Date-Added = {2019-06-18 16:59:10 +1000},
	Date-Modified = {2019-06-18 16:59:10 +1000},
	Organization = {Citeseer},
	Pages = {246--252},
	Title = {Hierarchical probabilistic neural network language model.},
	Volume = {5},
	Year = {2005}}

@article{mnih2012fast,
	Author = {Mnih, Andriy and Teh, Yee Whye},
	Date-Added = {2019-06-18 16:58:45 +1000},
	Date-Modified = {2019-06-18 16:58:45 +1000},
	Journal = {arXiv preprint arXiv:1206.6426},
	Title = {A fast and simple algorithm for training neural probabilistic language models},
	Year = {2012}}

@inproceedings{mnih2009scalable,
	Author = {Mnih, Andriy and Hinton, Geoffrey E},
	Booktitle = {Advances in neural information processing systems},
	Date-Added = {2019-06-18 16:58:25 +1000},
	Date-Modified = {2019-06-18 16:58:25 +1000},
	Pages = {1081--1088},
	Title = {A scalable hierarchical distributed language model},
	Year = {2009}}

@inproceedings{mikolov2013linguistic,
	Author = {Mikolov, Tomas and Yih, Wen-tau and Zweig, Geoffrey},
	Booktitle = {Proceedings of the 2013 Conference of the North American Chapter of the Association for Computational Linguistics: Human Language Technologies},
	Date-Added = {2019-06-18 16:58:06 +1000},
	Date-Modified = {2019-06-18 16:58:06 +1000},
	Pages = {746--751},
	Title = {Linguistic regularities in continuous space word representations},
	Year = {2013}}

@article{mikolov2013efficient,
	Author = {Mikolov, Tomas and Chen, Kai and Corrado, Greg and Dean, Jeffrey},
	Date-Added = {2019-06-18 16:57:48 +1000},
	Date-Modified = {2019-06-18 16:57:48 +1000},
	Journal = {arXiv preprint arXiv:1301.3781},
	Title = {Efficient estimation of word representations in vector space},
	Year = {2013}}

@article{mikolov2012statistical,
	Author = {Mikolov, Tom{\'a}{\v{s}}},
	Date-Added = {2019-06-18 16:57:26 +1000},
	Date-Modified = {2019-06-18 16:57:26 +1000},
	Journal = {Presentation at Google, Mountain View, 2nd April},
	Title = {Statistical language models based on neural networks},
	Volume = {80},
	Year = {2012}}

@inproceedings{mikolov2011strategies,
	Author = {Mikolov, Tom{\'a}{\v{s}} and Deoras, Anoop and Povey, Daniel and Burget, Luk{\'a}{\v{s}} and {\v{C}}ernock{\`y}, Jan},
	Booktitle = {2011 IEEE Workshop on Automatic Speech Recognition \& Understanding},
	Date-Added = {2019-06-18 16:57:00 +1000},
	Date-Modified = {2019-06-18 16:57:00 +1000},
	Organization = {IEEE},
	Pages = {196--201},
	Title = {Strategies for training large scale neural network language models},
	Year = {2011}}

@inproceedings{mikolov2011extensions,
	Author = {Mikolov, Tom{\'a}{\v{s}} and Kombrink, Stefan and Burget, Luk{\'a}{\v{s}} and {\v{C}}ernock{\`y}, Jan and Khudanpur, Sanjeev},
	Booktitle = {2011 IEEE International Conference on Acoustics, Speech and Signal Processing (ICASSP)},
	Date-Added = {2019-06-18 16:56:40 +1000},
	Date-Modified = {2019-06-18 16:56:40 +1000},
	Organization = {IEEE},
	Pages = {5528--5531},
	Title = {Extensions of recurrent neural network language model},
	Year = {2011}}

@article{gutmann2012noise,
	Author = {Gutmann, Michael U and Hyv{\"a}rinen, Aapo},
	Date-Added = {2019-06-18 16:55:59 +1000},
	Date-Modified = {2019-06-18 16:55:59 +1000},
	Journal = {Journal of Machine Learning Research},
	Number = {Feb},
	Pages = {307--361},
	Title = {Noise-contrastive estimation of unnormalized statistical models, with applications to natural image statistics},
	Volume = {13},
	Year = {2012}}

@inproceedings{glorot2011domain,
	Author = {Glorot, Xavier and Bordes, Antoine and Bengio, Yoshua},
	Booktitle = {Proceedings of the 28th international conference on machine learning (ICML-11)},
	Date-Added = {2019-06-18 16:55:14 +1000},
	Date-Modified = {2019-06-18 16:55:14 +1000},
	Pages = {513--520},
	Title = {Domain adaptation for large-scale sentiment classification: A deep learning approach},
	Year = {2011}}

@inproceedings{collobert2008unified,
	Author = {Collobert, Ronan and Weston, Jason},
	Booktitle = {Proceedings of the 25th international conference on Machine learning},
	Date-Added = {2019-06-18 16:54:13 +1000},
	Date-Modified = {2019-06-18 16:54:13 +1000},
	Organization = {ACM},
	Pages = {160--167},
	Title = {A unified architecture for natural language processing: Deep neural networks with multitask learning},
	Year = {2008}}

@article{bengio2003neural,
	Author = {Bengio, Yoshua and Ducharme, R{\'e}jean and Vincent, Pascal and Jauvin, Christian},
	Date-Added = {2019-06-18 16:53:32 +1000},
	Date-Modified = {2019-06-18 16:53:32 +1000},
	Journal = {Journal of machine learning research},
	Number = {Feb},
	Pages = {1137--1155},
	Title = {A neural probabilistic language model},
	Volume = {3},
	Year = {2003}}
