%% LaTeX2e file `mybib.bib'
%% generated by the `filecontents' environment
%% from source `test' on 2019/01/02.
%%
@unpublished{Survey2014,
  title={Survey on the access to
finance of enterprises},
  author={Sophie Doove and Petra Gibcus and
Ton Kwaak and Lia Smit and Tommy Span},
  year=2014,
  note ={Accessed 16 June 2017.  \href{http://wwwe.ansa.it/documents/1415814222451\_Rapporto.pdf/}{http://wwwe.ansa.it/documents/1415814222451\_Rapporto.pdf/}},
}
