@article {Dzmitry2014,
author={Dzmitry Bahdanau and
	     Kyunghyun Cho  and 
	     Yoshua Bengio},
title={Neural machine translation by jointly learning to align and translate.},
year={2014},
journal={CoRR},
}


@article{Phil2014,
author={Phil Blunsom and
	     Edward Grefenstette and
	     Nal Kalchbrenner and 
	     et al},
title={A convolutional neural network for mod- elling sentences.},
year={2014},
journal={CoRR},
}


@article{Qiming2014,
author={Qiming Diao and
	     Minghui Qiu and
	     Chao-Yuan Wu and
	     Alexan- der J Smola and
	     Jing Jiang 
	     and Chong Wang},
title={Jointly modeling aspects, ratings and sentiments for movie recommendation (jmars)},
year={2014},
journal={CoRR},
}


@article{Jian2014,
author={Jianfeng Gao and
	     Patrick Pantel and
	     Michael Gamon and
	     Xiaodong He and
	     Li Deng and 
	     Yelong Shen},
title={Modeling inter- estingness with deep neural networks},
year={2014},
journal={CoRR},
}


@article{Karl2015,
author={Karl Moritz Hermann and
	     Toma ́sˇ Kocˇisky` and
	     Edward Grefenstette and
	     Lasse Espeholt and
	     Will Kay and
	     Mustafa Suleyman and 
	     Phil Blunsom},
title={Teaching machines to read and comprehend},
year={2015},
journal={CoRR},
}


@article{Sepp1997,
author={Sepp Hochreiter and
	     Ju ̈rgen Schmidhuber},
title={Long short-term memory},
year={1997},
journal={CoRR},
}

@article{Thorsten1998,
author={Thorsten Joachims},
title={Text categorization with sup- port vector machines: Learning with many relevant features},
year={1998},
journal={Springer},
}








